% This file was created with JabRef 2.7.2.
% Encoding: ISO8859_1


@BOOK{strunk:white,
  title = {The Elements of Style},
  publisher = {Allyn and Bacon},
  year = {2000},
  author = {William Strunk Jr. and E. B. White},
  edition = {4th},
  keywords = {scglib}
}

@INPROCEEDINGS{paper:example,
  author = {First Author and Martin Schoeberl},
  title = {Real-Time Alternative Bread Baking in {Mendocino}},
  booktitle = {Proceedings of the 113th IEEE Symposium on Real-time Computing
	(ISORC 2189)},
  year = {2189},
  address = {Mendocino, Calofornia},
  month = {February},
  publisher = {IEEE},
  owner = {martin},
}



